@article{nakamoto2008bitcoin,
	AUTHOR = "Satoshi Nakamoto",
	TITLE = "Bitcoin: A peer-to-peer electronic cash system",
	JOURNAL = "",
	YEAR = "2008"
}
@ARTICLE{adam_fabian,
	AUTHOR = "Adam Hemlin Billstr\scDiaeresis{o}m and Fabian Huss",
	TITLE = "Video Integrity through Blockchain Technology",
	JOURNAL = "",
	YEAR = "2017"
}
@MISC{blockchain_wiki,
	HOWPUBLISHED = "\url{https://en.wikipedia.org/wiki/Blockchain}",
	AUTHOR = "Wikipedia",
	TITLE = "Blockchain",
	MONTH = "Oct",
	YEAR = "2014",
	NOTE = "Accessed on 2018-12-01"
}

@BOOK{the_truth_machine,
	AUTHOR = "Michaeel J. Casey and Paul Vigna",
	TITLE = "The Truth Machine: The Blockchain and the Future of Everything",
	PUBLISHER = "HarperCollins",
	YEAR = "2018"
}
@ARTICLE{img_cnn,
	AUTHOR = "Srikar Appalaraju and Vineet Chaoji",
	TITLE = "Image similarity using Deep CNN and Curriculum Learning",
	JOURNAL = "",
	YEAR = ""
}
@ARTICLE{paxos_made_easy,
	AUTHOR = "Leslie Lamport",
	TITLE = "Paxos Made Simple",
	JOURNAL = "",
	YEAR = "2001"
}
@ARTICLE{paxos_made_practical,
	AUTHOR = "David Mazieres",
	TITLE = "Paxos Made Practical",
	JOURNAL = "",
	YEAR = ""
}
@ARTICLE{raft_extd,
	AUTHOR = "Diego Ongaro and John Ousterhout",
	TITLE = "In Search of an Understandable Consensus Algorithm
(Extended Version)",
	JOURNAL = "",
	YEAR = "2014"
}
@ARTICLE{smsurvey,
	AUTHOR = "FRED B. SCHNEIDER",
	TITLE = "Implementing Fault-Tolerant Services Using the State Machine
Approach: A Tutorial
",
	JOURNAL = "ACM Computing Surveys, Vol. 22, No. 4",
	YEAR = "1990"
}
@ARTICLE{jacm88,
	AUTHOR = "CYNTHIA DWORK AND NANCY LYNCH ",
	TITLE = "Consensus in the Presence of Partial Synchrony",
	JOURNAL = "Association for Computing Machinery, Vol. 35, No. 2",
	YEAR = "1988"
}


@ARTICLE{article_id,
	AUTHOR = "",
	TITLE = "",
	JOURNAL = "",
	YEAR = ""
}
@MISC{misc_id,
	HOWPUBLISHED = "\url{}",
	AUTHOR = "",
	TITLE = "",
	MONTH = "",
	YEAR = "",
	NOTE = ""
}
@BOOK{book_id,
	AUTHOR = "",
	TITLE = "",
	PUBLISHER = "",
	YEAR = ""
}
@INBOOK{book_id,
	AUTHOR = "",
	TITLE = "",
	PUBLISHER = "",
	YEAR = "",
	PAGES = ""
}
